[gd_scene load_steps=15 format=3 uid="uid://dd3a8od4jdrfg"]

[ext_resource type="Script" path="res://scenes/world/world_habitat/islands/_island.gd" id="1_cl6fx"]
[ext_resource type="PackedScene" uid="uid://yh3ddpsq5heo" path="res://assets/models/enviroment/shinyisland/shinyisland.obj" id="2_lupsr"]
[ext_resource type="PackedScene" uid="uid://du6jdficpfqb0" path="res://components/interactables/red_panda/red_panda.tscn" id="3_l7xvd"]
[ext_resource type="PackedScene" uid="uid://c155rnqwl7ar8" path="res://assets/models/pickup/opal/opal.obj" id="4_310lt"]
[ext_resource type="PackedScene" uid="uid://cj27fmxpsvdxi" path="res://assets/models/enviroment/bridge2/bridge2.obj" id="5_bmy5g"]
[ext_resource type="PackedScene" uid="uid://bpfn72xk3es7v" path="res://assets/models/enviroment/gembush/gembush.obj" id="6_etwti"]
[ext_resource type="PackedScene" uid="uid://c2yrpsyi0bt68" path="res://scenes/world/world_habitat/islands/_island_anim.tscn" id="6_l5270"]
[ext_resource type="PackedScene" uid="uid://hit40iec2re" path="res://assets/models/enviroment/gemtree/gemtree.obj" id="7_xe15k"]
[ext_resource type="PackedScene" uid="uid://0yilyewqn5qg" path="res://assets/models/enviroment/ruby/ruby.obj" id="8_i14jw"]
[ext_resource type="PackedScene" uid="uid://3uu8cdq3erae" path="res://assets/models/enviroment/shinygrass/shinygrass.obj" id="9_0cna7"]
[ext_resource type="PackedScene" uid="uid://b7e36eho83cek" path="res://assets/models/enviroment/bigrock/bigrock.obj" id="10_k660r"]
[ext_resource type="PackedScene" uid="uid://docor51447av8" path="res://components/interactables/clawables/clawable_kwardium.tscn" id="11_eikoa"]
[ext_resource type="PackedScene" uid="uid://dah7ymtatrxkh" path="res://assets/models/enviroment/amythyst/amythyst.obj" id="11_exxe3"]
[ext_resource type="PackedScene" uid="uid://yhmkid27xgli" path="res://components/interactables/clawables/clawable_opal.tscn" id="13_tgdj6"]

[node name="ShinyIsland" type="Node3D"]
script = ExtResource("1_cl6fx")

[node name="shinyisland" parent="." instance=ExtResource("2_lupsr")]
transform = Transform3D(7, 0, 0, 0, 7, 0, 0, 0, 7, 0, -0.0073843, 0)

[node name="RedPanda2" parent="." instance=ExtResource("3_l7xvd")]
transform = Transform3D(0.258986, 0, -0.965881, 0, 1, 0, 0.965881, 0, 0.258986, 1.10061, 6.11208, 0.249607)
initial_text = Array[String](["These white rocks feel really powerful", "Maybe they're even powerful enough to get us out of here..."])
thought_text = "talk to the panda looking at the large rock"

[node name="RedPanda" parent="." instance=ExtResource("3_l7xvd")]
transform = Transform3D(-0.785187, 0, -0.619258, 0, 1, 0, 0.619258, 0, -0.785187, -3.06231, 6.08262, -1.63132)
initial_text = Array[String](["That is my opal![center]If you want your own one, you should [wave][color=darkorange]press E[/color][/wave] to claw at the rock and break some piece off."])
teaches_claw = true
quip_texts = Array[String](["Opal stones shimmer really pretty", "Do you like square penguins?"])
thought_text = "talk to the panda who is carrying a mysterious stone"

[node name="opal" parent="RedPanda" instance=ExtResource("4_310lt")]
transform = Transform3D(-0.785187, 0, 0.619258, 0, 1, 0, -0.619258, 0, -0.785187, -0.271576, 0.130118, -0.250522)

[node name="OmniLight3D" type="OmniLight3D" parent="RedPanda/opal"]
transform = Transform3D(1, 0, 0, 0, 1, 0, 0, 0, 1, -0.388128, 0.16924, 0)
light_color = Color(0.215686, 0.670588, 0.380392, 1)
light_energy = 0.5

[node name="BridgeAnchor" type="Marker3D" parent="."]
transform = Transform3D(1, 0, 0, 0, 1, 0, 0, 0, 1, -0.0224704, 6.06784, -2.13316)

[node name="Bridge" parent="BridgeAnchor" instance=ExtResource("5_bmy5g")]
transform = Transform3D(-1.74846e-07, 0, -4, 0, 4, 0, 4, 0, -1.74846e-07, 0, 0, -2)

[node name="decorations" type="Node3D" parent="."]

[node name="gembush" parent="decorations" instance=ExtResource("6_etwti")]
transform = Transform3D(1, 0, 0, 0, 1, 0, 0, 0, 1, 0.465515, 6.08262, 2.94474)

[node name="gembush2" parent="decorations" instance=ExtResource("6_etwti")]
transform = Transform3D(1, 0, 0, 0, 1, 0, 0, 0, 1, 0.681117, 6.08262, -2.57844)

[node name="gembush3" parent="decorations" instance=ExtResource("6_etwti")]
transform = Transform3D(1, 0, 0, 0, 1, 0, 0, 0, 1, 0.395217, 6.08262, -2.70072)

[node name="gembush4" parent="decorations" instance=ExtResource("6_etwti")]
transform = Transform3D(1, 0, 0, 0, 1, 0, 0, 0, 1, 0.520389, 6.08262, -2.21851)

[node name="gemtree" parent="decorations" instance=ExtResource("7_xe15k")]
transform = Transform3D(4, 0, 0, 0, 4, 0, 0, 0, 4, 2.28752, 6.08262, -1.14748)

[node name="gemtree2" parent="decorations" instance=ExtResource("7_xe15k")]
transform = Transform3D(4, 0, 0, 0, 4, 0, 0, 0, 4, -2.62467, 6.08262, -2.11394)

[node name="gemtree3" parent="decorations" instance=ExtResource("7_xe15k")]
transform = Transform3D(4, 0, 0, 0, 4, 0, 0, 0, 4, -1.02991, 6.08262, 0.9906)

[node name="ruby" parent="decorations" instance=ExtResource("8_i14jw")]
transform = Transform3D(1, 0, 0, 0, 1, 0, 0, 0, 1, 0.60356, 6.08262, 0.238243)

[node name="ruby2" parent="decorations" instance=ExtResource("8_i14jw")]
transform = Transform3D(1, 0, 0, 0, 1, 0, 0, 0, 1, 0.491212, 6.08262, -2.41755)

[node name="shinygrass" parent="decorations" instance=ExtResource("9_0cna7")]
transform = Transform3D(2, 0, 0, 0, 2, 0, 0, 0, 2, 2.36448, 6.08262, -1.43433)

[node name="ruby3" parent="decorations" instance=ExtResource("8_i14jw")]
transform = Transform3D(1, 0, 0, 0, 1, 0, 0, 0, 1, 2.4752, 6.08262, -3.27445)

[node name="shinygrass2" parent="decorations" instance=ExtResource("9_0cna7")]
transform = Transform3D(0.533871, 0, -1.92743, 0, 2, 0, 1.92743, 0, 0.533871, 2.60569, 6.08262, -1.34296)

[node name="shinygrass3" parent="decorations" instance=ExtResource("9_0cna7")]
transform = Transform3D(-1.18689, 0, 1.60975, 0, 2, 0, -1.60975, 0, -1.18689, 2.15694, 6.06994, -1.04984)

[node name="shinygrass4" parent="decorations" instance=ExtResource("9_0cna7")]
transform = Transform3D(1.23451, 0, 1.57353, 0, 2, 0, -1.57353, 0, 1.23451, 2.08734, 6.06994, -1.2982)

[node name="shinygrass5" parent="decorations" instance=ExtResource("9_0cna7")]
transform = Transform3D(-0.26517, 0, 1.98234, 0, 2, 0, -1.98234, 0, -0.26517, -2.11338, 6.04129, -2.16648)

[node name="gembush5" parent="decorations" instance=ExtResource("6_etwti")]
transform = Transform3D(1, 0, 0, 0, 1, 0, 0, 0, 1, -0.552221, 6.08262, 0.701188)

[node name="gembush6" parent="decorations" instance=ExtResource("6_etwti")]
transform = Transform3D(1, 0, 0, 0, 1, 0, 0, 0, 1, -0.838121, 6.08262, 0.578911)

[node name="gembush7" parent="decorations" instance=ExtResource("6_etwti")]
transform = Transform3D(1, 0, 0, 0, 1, 0, 0, 0, 1, -0.712949, 6.08262, 1.06112)

[node name="gembush8" parent="decorations" instance=ExtResource("6_etwti")]
transform = Transform3D(1, 0, 0, 0, 1, 0, 0, 0, 1, -2.30014, 6.08262, -2.52049)

[node name="gembush9" parent="decorations" instance=ExtResource("6_etwti")]
transform = Transform3D(1, 0, 0, 0, 1, 0, 0, 0, 1, -3.00067, 6.08262, -0.830348)

[node name="gembush10" parent="decorations" instance=ExtResource("6_etwti")]
transform = Transform3D(1, 0, 0, 0, 1, 0, 0, 0, 1, -2.29865, 6.08262, -2.16056)

[node name="gembush11" parent="decorations" instance=ExtResource("6_etwti")]
transform = Transform3D(1, 0, 0, 0, 1, 0, 0, 0, 1, -2.87314, 6.08262, -0.414157)

[node name="gembush12" parent="decorations" instance=ExtResource("6_etwti")]
transform = Transform3D(1, 0, 0, 0, 1, 0, 0, 0, 1, -3.15904, 6.08262, -0.536434)

[node name="gembush13" parent="decorations" instance=ExtResource("6_etwti")]
transform = Transform3D(1, 0, 0, 0, 1, 0, 0, 0, 1, -3.03386, 6.08262, -0.0542274)

[node name="bigrock" parent="decorations" instance=ExtResource("10_k660r")]
transform = Transform3D(-0.0316256, 0, -3.99988, 0, 4, 0, 3.99988, 0, -0.0316256, 2.7365, 6.55399, 0.6612)

[node name="gembush14" parent="decorations" instance=ExtResource("6_etwti")]
transform = Transform3D(1, 0, 0, 0, 1, 0, 0, 0, 1, 2.1298, 6.08262, 1.17278)

[node name="gembush15" parent="decorations" instance=ExtResource("6_etwti")]
transform = Transform3D(1, 0, 0, 0, 1, 0, 0, 0, 1, 2.33851, 6.04025, 1.39364)

[node name="gembush16" parent="decorations" instance=ExtResource("6_etwti")]
transform = Transform3D(1, 0, 0, 0, 1, 0, 0, 0, 1, 2.59284, 6.10948, 1.35153)

[node name="amythyst" parent="decorations" instance=ExtResource("11_exxe3")]
transform = Transform3D(1, 0, 0, 0, 1, 0, 0, 0, 1, -3.15968, 6.04964, -0.266396)

[node name="amythyst2" parent="decorations" instance=ExtResource("11_exxe3")]
transform = Transform3D(1, 0, 0, 0, 1, 0, 0, 0, 1, -1.2715, 6.08262, 1.01386)

[node name="amythyst3" parent="decorations" instance=ExtResource("11_exxe3")]
transform = Transform3D(1, 0, 0, 0, 1, 0, 0, 0, 1, -2.5175, 6.08262, 3.21507)

[node name="bigrock3" parent="decorations" instance=ExtResource("10_k660r")]
transform = Transform3D(3.99579, 0, 0.183544, 0, 4, 0, -0.183544, 0, 3.99579, -1.85055, 6.55399, 3.1122)

[node name="gembush17" parent="decorations" instance=ExtResource("6_etwti")]
transform = Transform3D(0.0537826, 0, -0.998553, 0, 1, 0, 0.998553, 0, 0.0537826, -2.31454, 6.08262, 2.59749)

[node name="gembush18" parent="decorations" instance=ExtResource("6_etwti")]
transform = Transform3D(0.0537826, 0, -0.998553, 0, 1, 0, 0.998553, 0, 0.0537826, -2.52386, 6.04025, 2.81778)

[node name="Items" type="Node3D" parent="."]

[node name="ClawableKwardium" parent="Items" instance=ExtResource("11_eikoa")]
transform = Transform3D(-4.37114e-08, 0, 1, 0, 1, 0, -1, 0, -4.37114e-08, 2.24117, 6.08262, -0.259045)

[node name="AnimationPlayer" parent="." instance=ExtResource("6_l5270")]

[node name="ClawableKwardium" parent="." instance=ExtResource("13_tgdj6")]
transform = Transform3D(1, 0, 0, 0, 1, 0, 0, 0, 1, -0.742299, 6.08262, 2.62129)
