[gd_scene load_steps=5 format=3 uid="uid://jd2ikgbutyym"]

[ext_resource type="Script" path="res://components/interactables/punchables/_punchable.gd" id="1_4p3vx"]
[ext_resource type="PackedScene" uid="uid://b3ucoye7pawdm" path="res://assets/models/enviroment/tree/tree.obj" id="2_faxdn"]
[ext_resource type="PackedScene" uid="uid://bfqxxud6ywjra" path="res://assets/models/pickup/peach/peach.obj" id="3_whk87"]

[sub_resource type="CylinderShape3D" id="CylinderShape3D_0j5mo"]
height = 7.0
radius = 0.8

[node name="PunchableAppleTree" type="Node3D"]
script = ExtResource("1_4p3vx")
item_id = 8
marker_color = Color(0.854902, 0.470588, 0.152941, 1)
marker_size = 0.5
thought_text = "punch the tree and get so many peaches"

[node name="Area3D" type="Area3D" parent="."]
transform = Transform3D(0.1, 0, 0, 0, 0.1, 0, 0, 0, 0.1, 0, 0, 0)
collision_layer = 2
collision_mask = 0

[node name="CollisionShape3D" type="CollisionShape3D" parent="Area3D"]
transform = Transform3D(1, 0, 1.16527e-05, 0, 1, 0, -1.16527e-05, 0, 1, 0, 3.5, 0)
shape = SubResource("CylinderShape3D_0j5mo")

[node name="ModelAnchor" type="Marker3D" parent="."]
gizmo_extents = 0.01

[node name="tree" parent="ModelAnchor" instance=ExtResource("2_faxdn")]
transform = Transform3D(1.75305, 0, 0, 0, 1.75305, 0, 0, 0, 1.75305, -0.0172007, 0, 0.0190413)

[node name="FruitModelsAnchor" type="Marker3D" parent="."]

[node name="peach1_1" parent="FruitModelsAnchor" instance=ExtResource("3_whk87")]
transform = Transform3D(0.2, 0, 0, 0, 0.2, 0, 0, 0, 0.2, -0.0968755, 0.345195, 0.230785)

[node name="peach1_2" parent="FruitModelsAnchor" instance=ExtResource("3_whk87")]
transform = Transform3D(0.2, 0, 0, 0, 0.2, 0, 0, 0, 0.2, -0.123949, 0.462711, 0.244945)

[node name="peach1_3" parent="FruitModelsAnchor" instance=ExtResource("3_whk87")]
transform = Transform3D(0.2, 0, 0, 0, 0.2, 0, 0, 0, 0.2, 0.0771289, 0.493342, 0.248973)

[node name="peach1_4" parent="FruitModelsAnchor" instance=ExtResource("3_whk87")]
transform = Transform3D(0.2, 0, 0, 0, 0.2, 0, 0, 0, 0.2, 0.131003, 0.376236, 0.238719)

[node name="peach1_5" parent="FruitModelsAnchor" instance=ExtResource("3_whk87")]
transform = Transform3D(0.2, 0, 0, 0, 0.2, 0, 0, 0, 0.2, 0.0406375, 0.639654, 0.248973)

[node name="peach2_1" parent="FruitModelsAnchor" instance=ExtResource("3_whk87")]
transform = Transform3D(0.2, 0, 0, 0, 0.2, 0, 0, 0, 0.2, 0.247226, 0.591164, -0.106111)

[node name="peach2_2" parent="FruitModelsAnchor" instance=ExtResource("3_whk87")]
transform = Transform3D(0.2, 0, 0, 0, 0.2, 0, 0, 0, 0.2, 0.248949, 0.571477, 0.107182)

[node name="peach2_3" parent="FruitModelsAnchor" instance=ExtResource("3_whk87")]
transform = Transform3D(0.2, 0, 0, 0, 0.2, 0, 0, 0, 0.2, 0.20903, 0.426708, -0.154855)

[node name="peach2_4" parent="FruitModelsAnchor" instance=ExtResource("3_whk87")]
transform = Transform3D(0.2, 0, 0, 0, 0.2, 0, 0, 0, 0.2, 0.242167, 0.349209, 0.139405)

[node name="peach2_5" parent="FruitModelsAnchor" instance=ExtResource("3_whk87")]
transform = Transform3D(0.2, 0, 0, 0, 0.2, 0, 0, 0, 0.2, 0.239334, 0.419763, 0.0120863)

[node name="peach3_1" parent="FruitModelsAnchor" instance=ExtResource("3_whk87")]
transform = Transform3D(0.2, 0, 0, 0, 0.2, 0, 0, 0, 0.2, 0.162818, 0.354461, -0.210501)

[node name="peach3_2" parent="FruitModelsAnchor" instance=ExtResource("3_whk87")]
transform = Transform3D(0.2, 0, 0, 0, 0.2, 0, 0, 0, 0.2, -0.0533721, 0.325364, -0.226026)

[node name="peach3_3" parent="FruitModelsAnchor" instance=ExtResource("3_whk87")]
transform = Transform3D(0.2, 0, 0, 0, 0.2, 0, 0, 0, 0.2, 0.133648, 0.522668, -0.227077)

[node name="peach3_4" parent="FruitModelsAnchor" instance=ExtResource("3_whk87")]
transform = Transform3D(0.2, 0, 0, 0, 0.2, 0, 0, 0, 0.2, -0.00687, 0.568344, -0.223378)

[node name="peach3_5" parent="FruitModelsAnchor" instance=ExtResource("3_whk87")]
transform = Transform3D(0.2, 0, 0, 0, 0.2, 0, 0, 0, 0.2, -0.10269, 0.430486, -0.242712)

[node name="peach4_1" parent="FruitModelsAnchor" instance=ExtResource("3_whk87")]
transform = Transform3D(0.2, 0, 0, 0, 0.2, 0, 0, 0, 0.2, -0.236511, 0.609919, -0.0468569)

[node name="peach4_2" parent="FruitModelsAnchor" instance=ExtResource("3_whk87")]
transform = Transform3D(0.2, 0, 0, 0, 0.2, 0, 0, 0, 0.2, -0.214841, 0.552425, 0.0832822)

[node name="peach4_3" parent="FruitModelsAnchor" instance=ExtResource("3_whk87")]
transform = Transform3D(0.2, 0, 0, 0, 0.2, 0, 0, 0, 0.2, -0.2274, 0.447326, 0.00681466)

[node name="peach4_4" parent="FruitModelsAnchor" instance=ExtResource("3_whk87")]
transform = Transform3D(0.2, 0, 0, 0, 0.2, 0, 0, 0, 0.2, -0.245918, 0.365925, 0.0764561)

[node name="peach4_5" parent="FruitModelsAnchor" instance=ExtResource("3_whk87")]
transform = Transform3D(0.2, 0, 0, 0, 0.2, 0, 0, 0, 0.2, -0.222152, 0.325128, -0.133342)
