[gd_resource type="Theme" load_steps=16 format=3 uid="uid://df4i1k662td81"]

[ext_resource type="Texture2D" uid="uid://quy1jbm1ado4" path="res://assets/ui/theme/grabber/grabber_normal.png" id="1_r1wce"]
[ext_resource type="Texture2D" uid="uid://bs8vfupxiwf7f" path="res://assets/ui/theme/grabber/grabber_highlight.png" id="2_jdes5"]
[ext_resource type="FontFile" uid="uid://bgiy634ybqgso" path="res://assets/fonts/rubik.otf" id="3_mis72"]

[sub_resource type="StyleBoxFlat" id="StyleBoxFlat_bwg56"]
bg_color = Color(0.27451, 0.27451, 0.294118, 0.196078)
border_width_left = 8
border_width_top = 8
border_width_right = 8
border_width_bottom = 16
border_color = Color(0, 0.545, 0.545, 1)
border_blend = true
corner_radius_top_left = 20
corner_radius_top_right = 20
corner_radius_bottom_right = 20
corner_radius_bottom_left = 20

[sub_resource type="StyleBoxLine" id="StyleBoxLine_em2aj"]
content_margin_top = 10.0
color = Color(1, 1, 1, 1)
grow_begin = 15.0
grow_end = 15.0
thickness = 4

[sub_resource type="StyleBoxFlat" id="StyleBoxFlat_bxpwl"]
content_margin_left = 15.0
content_margin_top = 15.0
content_margin_right = 15.0
content_margin_bottom = 15.0
draw_center = false

[sub_resource type="StyleBoxFlat" id="StyleBoxFlat_lnnax"]
bg_color = Color(0.27451, 0.27451, 0.294118, 0.196078)
border_width_left = 8
border_width_top = 8
border_width_right = 8
border_width_bottom = 16
border_color = Color(0, 0, 0, 1)
border_blend = true
corner_radius_top_left = 20
corner_radius_top_right = 20
corner_radius_bottom_right = 20
corner_radius_bottom_left = 20

[sub_resource type="StyleBoxFlat" id="StyleBoxFlat_hwttm"]
content_margin_left = 16.0
content_margin_top = 16.0
content_margin_right = 16.0
content_margin_bottom = 16.0
bg_color = Color(0.12549, 0.12549, 0.12549, 0.870588)

[sub_resource type="StyleBoxFlat" id="StyleBoxFlat_fidpc"]
content_margin_left = 16.0
content_margin_top = 16.0
content_margin_right = 16.0
content_margin_bottom = 16.0
bg_color = Color(0.258824, 0.258824, 0.258824, 0.784314)

[sub_resource type="StyleBoxFlat" id="StyleBoxFlat_en6kg"]
content_margin_left = 20.0
content_margin_top = 20.0
content_margin_right = 20.0
content_margin_bottom = 20.0
bg_color = Color(0.909804, 0.909804, 0.909804, 1)

[sub_resource type="StyleBoxFlat" id="StyleBoxFlat_hc5i5"]
content_margin_left = 8.0
content_margin_top = 8.0
content_margin_right = 8.0
content_margin_bottom = 8.0
bg_color = Color(0.258824, 0.258824, 0.258824, 0.784314)

[sub_resource type="StyleBoxFlat" id="StyleBoxFlat_gxfo1"]
draw_center = false
border_width_left = 6
border_width_top = 6
border_width_right = 6
border_width_bottom = 6
border_color = Color(0, 0.545, 0.545, 1)
corner_radius_top_left = 18
corner_radius_top_right = 18
corner_radius_bottom_right = 18
corner_radius_bottom_left = 18

[sub_resource type="StyleBoxFlat" id="StyleBoxFlat_3gvbr"]
draw_center = false
border_width_left = 6
border_width_top = 6
border_width_right = 6
border_width_bottom = 6
border_color = Color(1.92523e-07, 0.29675, 0.296749, 1)
corner_radius_top_left = 18
corner_radius_top_right = 18
corner_radius_bottom_right = 18
corner_radius_bottom_left = 18

[sub_resource type="StyleBoxFlat" id="StyleBoxFlat_oqgoj"]
draw_center = false
border_width_left = 6
border_width_top = 6
border_width_right = 6
border_width_bottom = 6
border_color = Color(0.863, 0.078, 0.235, 1)
corner_radius_top_left = 18
corner_radius_top_right = 18
corner_radius_bottom_right = 18
corner_radius_bottom_left = 18

[sub_resource type="StyleBoxFlat" id="StyleBoxFlat_kbvb1"]
draw_center = false
border_width_left = 6
border_width_top = 6
border_width_right = 6
border_width_bottom = 6
border_color = Color(0.545, 0, 0, 1)
corner_radius_top_left = 18
corner_radius_top_right = 18
corner_radius_bottom_right = 18
corner_radius_bottom_left = 18

[resource]
default_font = ExtResource("3_mis72")
default_font_size = 22
HBoxContainer/constants/separation = 16
HSlider/icons/grabber = ExtResource("1_r1wce")
HSlider/icons/grabber_highlight = ExtResource("2_jdes5")
HeaderExtraLarge/base_type = &"Label"
HeaderExtraLarge/font_sizes/font_size = 48
HeaderLarge/base_type = &"Label"
HeaderLarge/font_sizes/font_size = 28
HeaderMedium/base_type = &"Label"
HeaderMedium/font_sizes/font_size = 24
HeaderSmall/base_type = &"Label"
HeaderSmall/font_sizes/font_size = 20
ItemHoveredPanel/base_type = &"PanelContainer"
ItemHoveredPanel/styles/panel = SubResource("StyleBoxFlat_bwg56")
ItemInfoHSeparator/base_type = &"HSeparator"
ItemInfoHSeparator/styles/separator = SubResource("StyleBoxLine_em2aj")
ItemInfoPanel/base_type = &"PanelContainer"
ItemInfoPanel/styles/panel = SubResource("StyleBoxFlat_bxpwl")
ItemPanel/base_type = &"PanelContainer"
ItemPanel/styles/panel = SubResource("StyleBoxFlat_lnnax")
MarginContainer/constants/margin_bottom = 32
MarginContainer/constants/margin_left = 32
MarginContainer/constants/margin_right = 32
MarginContainer/constants/margin_top = 32
OverlayPanelContainer/base_type = &"PanelContainer"
OverlayPanelContainer/styles/panel = SubResource("StyleBoxFlat_hwttm")
PanelContainer/styles/panel = SubResource("StyleBoxFlat_fidpc")
PanelContract/base_type = &"PanelContainer"
PanelContract/styles/panel = SubResource("StyleBoxFlat_en6kg")
RTHeaderLarge/font_sizes/normal_font_size = 28
RTHeaderMedium/font_sizes/normal_font_size = 24
RTHeaderSmall/font_sizes/normal_font_size = 20
SmallLabel/base_type = &"Label"
SmallLabel/font_sizes/font_size = 16
SnugHBox/base_type = &"HBoxContainer"
SnugHBox/constants/separation = 8
SnugPanelContainer/base_type = &"PanelContainer"
SnugPanelContainer/styles/panel = SubResource("StyleBoxFlat_hc5i5")
SnugVBox/base_type = &"VBoxContainer"
SnugVBox/constants/separation = 8
StarViewButton/base_type = &"Button"
StarViewButton/font_sizes/font_size = 26
StarViewButton/styles/hover = SubResource("StyleBoxFlat_gxfo1")
StarViewButton/styles/normal = SubResource("StyleBoxFlat_3gvbr")
StarViewRedButton/base_type = &"Button"
StarViewRedButton/font_sizes/font_size = 26
StarViewRedButton/styles/hover = SubResource("StyleBoxFlat_oqgoj")
StarViewRedButton/styles/normal = SubResource("StyleBoxFlat_kbvb1")
VBoxContainer/constants/separation = 16
